@misc{devmind,
  author = "Dev Mind",
  title = "Hashlife",
  howpublished = "\url{https://www.dev-mind.blog/hashlife/}",
}

@misc{wiki,
  author = "Wikipedia",
  title = "Hashlife",
  howpublished = "\url{https://en.wikipedia.org/wiki/Hashlife}",
}