@misc{Negamax,
  author = "Tristan Cazenave",
  title = "Negamax avec alphabeta",
  howpublished = "\url{https://www.lamsade.dauphine.fr/~cazenave/papers/berder00.pdf}",
}

@misc{maxn,
  author = "Nathan R. Sturtevant and Richard E. Korf",
  title = "MAXN et Paranoid",
  howpublished = "\url{https://cdn.aaai.org/AAAI/2000/AAAI00-031.pdf}",
}

@misc{alphabeta,
  author = "Richard E. Korf",
  title = "MAXN avec coupes alphabeta",
  howpublished = "\url{https://faculty.cc.gatech.edu/~thad/6601-gradAI-fall2015/Korf_Multi-player-Alpha-beta-Pruning.pdf}",
}

@misc{sos,
  author = "Brandon Wilson1 and Inon Zuckerman2 and Dana Nau",
  title = "Algorithme SOS",
  howpublished = "\url{https://www.cs.umd.edu/~nau/papers/wilson2011modeling.pdf}",
}

@misc{directX11,
  author = "ChiliTomatoNoddle",
  title = "C++ 3D DirectX Programming",
  howpublished = "\url{https://www.youtube.com/playlist?list=PLqCJpWy5Fohd3S7ICFXwUomYW0Wv67pDD}",
}